<record><leader>00000cas a22000007a 4500</leader><controlfield tag="001">22246347</controlfield><controlfield tag="008">900820d18981899pr dn ne      0    0spa d</controlfield><datafield ind1=" " ind2=" " tag="010"><subfield code="a">sn 90070201 </subfield></datafield><datafield ind1=" " ind2=" " tag="040"><subfield code="a">PNN</subfield><subfield code="b">eng</subfield><subfield code="c">PNN</subfield><subfield code="d">OCLCQ</subfield><subfield code="d">DLC</subfield><subfield code="d">OCLCF</subfield><subfield code="d">OCLCA</subfield></datafield><datafield ind1=" " ind2=" " tag="042"><subfield code="a">msc</subfield></datafield><datafield ind1=" " ind2=" " tag="043"><subfield code="a">nwpr---</subfield></datafield><datafield ind1="0" ind2="0" tag="050"><subfield code="a">Newspaper</subfield></datafield><datafield ind1="0" ind2="0" tag="245"><subfield code="a">Correo de Puerto Rico.</subfield></datafield><datafield ind1=" " ind2=" " tag="260"><subfield code="a">Ponce, P.R. :</subfield><subfield code="b">Tip. Listi&#769;n Comercial</subfield></datafield><datafield ind1=" " ind2=" " tag="300"><subfield code="a">v.</subfield></datafield><datafield ind1=" " ind2=" " tag="310"><subfield code="a">Daily (except Sunday)</subfield></datafield><datafield ind1="1" ind2=" " tag="362"><subfield code="a">Began with Aug. 1, 1898 issue; ceased in Apr. 1899.</subfield></datafield><datafield ind1=" " ind2=" " tag="500"><subfield code="a">"Perio&#769;dico de intereses generales, literatura, ciencias, anuncios y de informacio&#769;n universal."</subfield></datafield><datafield ind1=" " ind2=" " tag="588"><subfield code="a">Description based on: An&#771;o 1, nu&#769;mero 1 (Agosto 1 de 1898).</subfield></datafield><datafield ind1=" " ind2=" " tag="588"><subfield code="a">Latest issue consulted: An&#771;o 1, nu&#769;m. 5 (1 de oct. de 1898).</subfield></datafield><datafield ind1=" " ind2="0" tag="651"><subfield code="a">Ponce (P.R.)</subfield><subfield code="v">Newspapers.</subfield></datafield><datafield ind1=" " ind2="7" tag="655"><subfield code="a">Newspapers.</subfield><subfield code="2">fast</subfield><subfield code="0">(OCoLC)fst01423814</subfield></datafield><datafield ind1=" " ind2="7" tag="651"><subfield code="a">Puerto Rico</subfield><subfield code="z">Ponce.</subfield><subfield code="2">fast</subfield><subfield code="0">(OCoLC)fst01206019</subfield></datafield><datafield ind1=" " ind2=" " tag="752"><subfield code="a">United States</subfield><subfield code="b">Puerto Rico</subfield><subfield code="d">Ponce.</subfield></datafield><datafield ind1="0" ind2=" " tag="775"><subfield code="t">Porto Rico mail</subfield><subfield code="w">(DLC)sn 84035750</subfield></datafield></record>